%Fundamentação Teórica



%scikit-learn
@article{scikit-learn,
 title={Scikit-learn: Machine Learning in {P}ython},
 author={Pedregosa, F. and Varoquaux, G. and Gramfort, A. and Michel, V.
         and Thirion, B. and Grisel, O. and Blondel, M. and Prettenhofer, P.
         and Weiss, R. and Dubourg, V. and Vanderplas, J. and Passos, A. and
         Cournapeau, D. and Brucher, M. and Perrot, M. and Duchesnay, E.},
 journal={Journal of Machine Learning Research},
 volume={12},
 pages={2825--2830},
 year={2011}
}

%Pandas
@inproceedings{mckinney2010data,
  title={Data structures for statistical computing in python},
  author={McKinney, Wes and others},
  booktitle={Proceedings of the 9th Python in Science Conference},
  volume={445},
  pages={51--56},
  year={2010},
  organization={Austin, TX}
} 

%Python
@book{van1995python,
  title={Python tutorial},
  author={Van Rossum, Guido and Drake Jr, Fred},
  year={1995},
  publisher={Centrum voor Wiskunde en Informatica Amsterdam, The Netherlands}
}

@article{morrison2021how,
    author = {Morrison, B. A. and Coventry, L. and Briggs, P.},
    title = {How do older adults feel about engaging with cyber‐security?},
    journal = {Human Behavior and Emerging Technologies},
    year = {2021},
    volume = {3},
    issue = {5},
    pages = {1033-1049},
    doi = {10.1002/hbe2.291}
}

@article{connolly2012systematic,
    author = {Connolly, Thomas M. and Boyle, Elizabeth A. and MacArthur, Ewan and Hainey, Thomas and Boyle, James M.},
    title = {A systematic literature review of empirical evidence on computer games and serious games},
    journal = {Computers \& Education},
    year = {2012},
    volume = {59},
    number = {2},
    pages = {661--686}
}

@article{konstantinidis2010integration,
    author = {Evdokimos I. Konstantinidis and Antonis Billis and Walter Hlauschek and Paul Panek and Panagiotis D. Bamidis},
    title = {Integration of Cognitive and Physical Training in a Smart Home Environment for the Elderly People},
    journal = {Studies in Health Technology and Informatics},
    year = {2010},
    volume = {160},
    pages = {58--62}
}

@article{mccallum2012gamification,
    author = {McCallum, Simon},
    title = {Gamification and serious games for personalized health},
    journal = {Studies in Health Technology and Informatics},
    year = {2012},
    volume = {177},
    pages = {85--96}
}

@article{mol2021desirable,
    author = {Artur Martins Mol and Ezequiel Mendes Duque and Guilherme Itabayana Braga da Fonseca and Monica da Consolação Machado and Lucila Ishitani},
    title = {Desirable characteristics of games for older adults},
    journal = {Entertainment Computing},
    volume = {39},
    pages = {100440},
    year = {2021},
    issn = {1875-9521},
    doi = {https://doi.org/10.1016/j.entcom.2021.100440},
}

@inproceedings{belarmino2021criterios,
    author = {Guilherme Belarmino and Juliana Beda and Poliana Ferreira and Denise Goya},
    title = {Critérios de Acessibilidade para Jogos Educacionais Digitais que Visam o Desenho Universal},
    booktitle = {Anais do XXXII Simpósio Brasileiro de Informática na Educação},
    location = {Online},
    year = {2021},
    pages = {667--678},
    publisher = {SBC},
    address = {Porto Alegre, RS, Brasil},
    doi = {10.5753/sbie.2021.218289},
    url = {https://sol.sbc.org.br/index.php/sbie/article/view/18096}
}

@article{beristain2021standardizing,
    author = {Beristain-Colorado, M. and Ambros-Antemate, J. and Vargas-Treviño, M. and Gutiérrez-Gutiérrez, J. and Moreno-Rodriguez, A. and Hernández-Cruz, P. and Gallegos-Velasco, I. and Torres-Rosas, R.},
    title = {Standardizing the Development of Serious Games for Physical Rehabilitation: Conceptual Framework Proposal},
    journal = {JMIR Serious Games},
    year = {2021},
    volume = {9},
    number = {2},
    pages = {e25854},
    url = {https://games.jmir.org/2021/2/e25854},
    doi = {10.2196/25854}
}

@article{brox2017user,
    author = {Brox, E. and Konstantinidis, S. and Evertsen, G.},
    title = {User-Centered Design of Serious Games for Older Adults Following 3 Years of Experience With Exergames for Seniors: A Study Design},
    journal = {JMIR Serious Games},
    year = {2017},
    volume = {5},
    number = {1},
    pages = {e2},
    url = {https://games.jmir.org/2017/1/e2},
    doi = {10.2196/games.6254}
}

@inproceedings{fua2013designing,
    author = {Fua, K. C. and Gupta, S. and Pautler, D. and others},
    title = {Designing Serious Games for Elders},
    booktitle = {Proceedings of the Foundations of Digital Games},
    year = {2013},
    address = {Chania, Greece},
    pages = {291--297}
}

@inproceedings{beckers2016serious,
    author={Beckers, Kristian and Pape, Sebastian},
    booktitle={2016 IEEE 24th International Requirements Engineering Conference (RE)}, 
    title={A Serious Game for Eliciting Social Engineering Security Requirements}, 
    year={2016},
    volume={},
    number={},
    pages={16-25},
    keywords={Games;Companies;Context;Software;Computers;security requirements elicitation;requirements prioritisation;threat analysis;gamification},
    doi={10.1109/RE.2016.39}
}

@techreport{kitchenham2004procedures,
    author = {Kitchenham, B.},
    title = {Procedures for Performing Systematic Reviews},
    institution = {Keele University},
    address = {Keele, UK},
    year = {2004},
    number = {33},
    pages = {1--26}
}

% Checar
@book{michael2005serious,
  title = {Serious games: Games that educate, train, and inform},
  author = {Michael, David R. and Chen, Sandra L.},
  year = {2005},
  publisher = {Muska \& Lipman/Premier-Trade},
}

@article{nazry2017mood,
    title = {Mood and learning in navigation-based serious games},
    journal = {Computers in Human Behavior},
    volume = {73},
    pages = {596-604},
    year = {2017},
    issn = {0747-5632},
    doi = {https://doi.org/10.1016/j.chb.2017.03.040},
    url = {https://www.sciencedirect.com/science/article/pii/S0747563217301978},
    author = {N.Nazrina M.Nazry and Daniela M. Romano}
}

@article{canapa2025interactive,
  author = {Canapa, Giulio and Paternò, Fabio and Santoro, Carmen},
  journal = {IEEE Transactions on Computational Social Systems}, 
  title = {Interactive Serious Games for Cognitive Training of Older Adults: A Systematic Review}, 
  year = {2025},
  volume = {},
  number = {},
  pages = {1-24},
  keywords = {Games;Training;Older adults;Systematic literature review;Aging;Serious games;Databases;Libraries;User experience;Micromechanical devices;Interactive technologies;older adults;serious games},
  doi = {10.1109/TCSS.2025.3532307}
}

@inproceedings{deterding2011gamefulness,
    author = {Deterding, Sebastian and Dixon, Dan and Khaled, Rilla and Nacke, Lennart},
    title = {From game design elements to gamefulness: defining "gamification"},
    year = {2011},
    isbn = {9781450308168},
    publisher = {Association for Computing Machinery},
    address = {New York, NY, USA},
    url = {https://doi.org/10.1145/2181037.2181040},
    doi = {10.1145/2181037.2181040},
    booktitle = {Proceedings of the 15th International Academic MindTrek Conference: Envisioning Future Media Environments},
    pages = {9–15},
    numpages = {7},
    keywords = {serious games, playfulness, playful design, play, pervasive games, gamification, games, gamefulness, gameful design, game-based technologies, alternate reality games},
    location = {Tampere, Finland},
    series = {MindTrek '11}
}


@book{fisk2009designing,
    title = {Designing for Older Adults: Principles and Creative Human Factors Approaches},
    author = {FISK, Arthur D. and CZAJA, Sara J. and ROGERS, Wendy A. and CHARNESS, Neil and SHARIT, Joseph},
    edition = {2},
    year = {2009},
    publisher = {CRC press},
    doi = {10.1201/9781420080681}
}

@article{charness2009aging,
    author = {CHARNESS, Neil and BOOT, Walter R.},
    title = {Aging and Information Technology Use: Potential and Barriers},
    journal = {Current Directions in Psychological Science},
    volume = {18},
    number = {5},
    pages = {253--258},
    year = {2009},
    publisher = {SAGE Publications},
    doi = {10.1111/j.1467-8721.2009.01647.x}
}

@article{green2008plasticity,
    author = {GREEN, C. Shawn and BAVELIER, Daphne},
    title = {Exercising your brain: A review of human brain plasticity and training-induced learning},
    journal = {Psychology and Aging},
    volume = {23},
    number = {4},
    pages = {692--701},
    year = {2008},
    publisher = {American Psychological Association},
    doi = {10.1037/a0014345}
}

@article{cotten2012internet,
    title = {Internet use and depression among older adults},
    journal = {Computers in Human Behavior},
    volume = {28},
    number = {2},
    pages = {496-499},
    year = {2012},
    issn = {0747-5632},
    doi = {https://doi.org/10.1016/j.chb.2011.10.021},
    url = {https://www.sciencedirect.com/science/article/pii/S074756321100238X},
    author = {Shelia R. Cotten and George Ford and Sherry Ford and Timothy M. Hale},
}

@article{sayago2011everyday,
    author = {Sayago, Sergio and Sloan, David and Blat, Josep},
    title = {Everyday use of computer-mediated communication tools and its evolution over time: An ethnographical study with older people},
    journal = {Interacting with Computers},
    volume = {23},
    number = {5},
    pages = {543-554},
    year = {2011},
    month = {06},
    issn = {0953-5438},
    doi = {10.1016/j.intcom.2011.06.001},
    url = {https://doi.org/10.1016/j.intcom.2011.06.001},
    eprint = {https://academic.oup.com/iwc/article-pdf/23/5/543/1895698/iwc23-0543.pdf},
}

@inproceedings{gerling2012game,
    author = {Gerling, Kathrin Maria and Schulte, Frank Paul and Smeddinck, Jan and Masuch, Maic},
    editor = {Herrlich, Marc and Malaka, Rainer and Masuch, Maic},
    title = {Game Design for Older Adults: Effects of Age-Related Changes on Structural Elements of Digital Games},
    booktitle = {Entertainment Computing - ICEC 2012},
    year = {2012},
    publisher = {Springer Berlin Heidelberg},
    address = {Berlin, Heidelberg},
    pages = {235--242},
    isbn = {978-3-642-33542-6}
}

@misc{w3c2024wcag,
  title={Web Content Accessibility Guidelines (WCAG) 2.1},
  author={W3C},
  year={2024},
  howpublished={\url{https://www.w3.org/TR/WCAG21/}}
}

@INPROCEEDINGS{yang2024serious,
  author={Yang, Xiao and Tang, Muran and Ushaw, Gary},
  booktitle={2024 IEEE International Conference on Cybernetics and Intelligent Systems (CIS) and IEEE International Conference on Robotics, Automation and Mechatronics (RAM)}, 
  title={A Serious Game Prototype of Combined Cognitive Training for Alzheimer’s Patients}, 
  year={2024},
  volume={},
  number={},
  pages={537-542},
  keywords={Training;Costs;Prototypes;Random access memory;Games;Serious games;Alzheimer's disease;Alzheimer’s disease;serious games;cognitive training;user-centered design;rapid prototyping},
  doi={10.1109/CIS-RAM61939.2024.10673387}
}

@INPROCEEDINGS{zuo2024development,
  author={Zuo, Haiwei and Lim, King Hann and Eswaran, Sivaraman and Lease, Basil Andy},
  booktitle={2024 International Conference on Green Energy, Computing and Sustainable Technology (GECOST)}, 
  title={Development of Serious Game Theory Framework in Virtual Reality for Alzheimer's Patients}, 
  year={2024},
  volume={},
  number={},
  pages={190-194},
  keywords={Training;Solid modeling;Systematics;Sociology;Games;Virtual reality;System integration;Virtual Reality;Serious Games Theoretical Framework;Large Language Models;Alzheimer's Disease;Cognitive Training},
  doi={10.1109/GECOST60902.2024.10474644}
}

@INPROCEEDINGS{caggianese2018towards,
  author={Caggianese, Giuseppe and Chirico, Andrea and De Pietro, Giuseppe and Gallo, Luigi and Giordano, Antonio and Predazzi, Marco and Neroni, Pietro},
  booktitle={2018 32nd International Conference on Advanced Information Networking and Applications Workshops (WAINA)}, 
  title={Towards a Virtual Reality Cognitive Training System for Mild Cognitive Impairment and Alzheimer's Disease Patients}, 
  year={2018},
  volume={},
  number={},
  pages={663-667},
  keywords={Training;Virtual environments;Games;Dementia;Monitoring;Sociology;Statistics;Virtual reality;Cognitive training;MCI;Alzheimer's disease},
  doi={10.1109/WAINA.2018.00164}
}

@misc{nacimiento-garcia2024gamification,
    year = {2024},
    month = {11},
    url = {https://hdl.handle.net/10481/98365},
    publisher = {MDPI},
    title = {Gamification and Immersive Experiences: A Gamified Approach for Promoting Active Aging},
    doi = {10.3390/app142310880},
    author = {Nacimiento‑García, Eduardo and González-González, Carina Soledad and Colombo Ruano, Lorena and Gutiérrez Vela, Francisco Luis},
}

@article{valladares2017design,
  author = {VALLADARES-RODRIGUEZ, Santiago and PEREZ-RODRIGUEZ, Roberto and FACAL, David and FERNANDEZ-IGLESIAS, Maria J. and ANIDO-RIFON, Luis and MOURIÑO-GARCIA, Manuel},
  title = {Design process and preliminary psychometric study of a video game to detect cognitive impairment in senior adults},
  journal = {PeerJ},
  volume = {5},
  pages = {e3508},
  year = {2017},
  doi = {10.7717/peerj.3508}
}

@article{tziraki2017designing,
  author = {TZIRAKI, Christina and BERENBAUM, Rivka and GROSS, Dana and ABIKHZER, Jocelyne and BEN-DAVID, Boaz},
  title = {Designing Serious Computer Games for People With Moderate and Advanced Dementia: Interdisciplinary Theory-Driven Pilot Study},
  journal = {JMIR Serious Games},
  volume = {5},
  number = {3},
  pages = {e16},
  year = {2017},
  doi = {10.2196/games.6514}
}

@INPROCEEDINGS{merilampi2017cognitive,
  author={Merilampi, Sari and Koivisto, Antti and Sirkka, Andrew and Raumonen, Pasi and Virkki, Johanna and Xiao, Xu and Min, Yan and Ye, Lin and Chujun, Xiao and Chen, Jiani},
  booktitle={2017 IEEE 5th International Conference on Serious Games and Applications for Health (SeGAH)}, 
  title={The cognitive mobile games for older adults - a Chinese user experience study}, 
  year={2017},
  volume={},
  number={},
  pages={1-6},
  doi={10.1109/SeGAH.2017.7939280}
}

@article{wong2022effectiveness,
  author = {WONG, Yu-Kai and WU, Chia-Fen and TU, Yu-Hsuan},
  title = {Effectiveness of a Serious Game Design and Game Mechanic Factors for Attention and Executive Function Improvement in the Elderly: A Pretest-Posttest Study},
  journal = {Applied Sciences},
  volume = {12},
  pages = {6923},
  year = {2022},
  doi = {10.3390/app12146923}
}

@article{busca2024serious,
  author = {BUSCA, Erika and CARISTIA, Simone and BIDONE, Silvia and BOLAMPERTI, Alessia and CAMPAGNA, Silvia and CATTANEO, Alessandro and LEA, Rebecca and MONTANI, Davide and SCALOGNA, Alessia and BASSI, Elena and DAL MOLIN, Alessio},
  title = {Serious Game for the Nursing Assessment of Home-Dwelling Older Adults: Development and Validation Study},
  journal = {JMIR Serious Games},
  volume = {12},
  pages = {e52644},
  year = {2024},
  doi = {10.2196/52644}
}

@article{machado2018heuristics,
author = {Machado, Mônica da Consolação and Ferreira, Ronan Loschi Rodrigues and Ishitani, Lucila},
title = {Heuristics and Recommendations for the Design of Mobile Serious Games for Older Adults},
journal = {International Journal of Computer Games Technology},
volume = {2018},
number = {1},
pages = {6757151},
doi = {https://doi.org/10.1155/2018/6757151},
url = {https://onlinelibrary.wiley.com/doi/abs/10.1155/2018/6757151},
year = {2018}
}

@article{manser2021making,
  title={Making the best out of IT: Design and development of exergames for older adults with mild neurocognitive disorder--A methodological paper},
  author={Manser, Patrick and de Bruin, Eling D},
  journal={Frontiers in Aging Neuroscience},
  volume={13},
  pages={734012},
  year={2021},
  publisher={Frontiers Media SA}
}

@inproceedings{machado2017learning,
  title={Learning object seguridade virtual: Developing critical thinking to safe use of the Internet},
  author={Machado, Leticia and Mendes, Jozelina and Slodkowski, Bruna and Justin, Larissa and Saldanha, Anderson and Sampaio, Deyse and Krimberg, Laura and Grande, T{\'a}ssia and Doll, Johannes and Behar, Patricia},
  booktitle={2017 Twelfth Latin American Conference on Learning Technologies (LACLO)},
  pages={1--4},
  year={2017},
  organization={IEEE}
}

@inproceedings{bernardino2021serious,
  title={Serious games for seniors: Learning safe behaviors on the web: Position paper},
  author={Bernardino, Iolanda and Baptista, Ricardo Jos{\'e} Vieira and de Almeida, Jos{\'e} Manuel Emiliano Bidarra and S{\~a}o Mamede, Jos{\'e} Henrique Pereira},
  booktitle={2021 16th Iberian Conference on Information Systems and Technologies (CISTI)},
  pages={1--4},
  year={2021},
  organization={IEEE}
}

@article{van2020serious,
  title={A serious game to improve the verbal resilience against doorstep scams},
  author={van der Lubbe, Laura and Gerritsen, Charlotte and Bosse, Tibor},
  journal={International Journal of Serious Games},
  volume={7},
  number={2},
  pages={89--119},
  year={2020}
}

@article{abras2004user,
  title={User-centered design},
  author={Abras, Chadia and Maloney-Krichmar, Diane and Preece, Jenny and others},
  journal={Bainbridge, W. Encyclopedia of Human-Computer Interaction. Thousand Oaks: Sage Publications},
  volume={37},
  number={4},
  pages={445--456},
  year={2004}
}

@inproceedings{amorim2024quiz,
    author = {AMORIM, Simone da Silva and SANTANA, Monaliza Cirqueira de},
    title = {Quiz60+: Um Jogo Educativo para Segurança Digital dos Usuários da Terceira Idade},
    booktitle = {Anais do XV Simpósio de Jogos Eletrônicos, Educação e Comunicação (SJEEC)},
    year = {2024},
    note = {GT 2 - Jogos digitais, saúde e esportes},
    doi = {10.5281/zenodo.11270846},
    url = {https://doi.org/10.5281/zenodo.11270846},
    publisher = {Instituto Federal da Bahia},
    address = {Bahia},
    month = apr
}

@article{scarpioni2016desenvolvimento,
    title={Desenvolvimento de ambiente virtual para treinamento de idosos para evitar golpes pela Internet},
    author={SCARPIONI, Agesandro and de Melo BONINI, Luci Mendes and BISPO, Roberto Marins Fereira and PADLIPSKAS, Salvio and JUNIOR, Luiz Teruo KAWAMOTO},
    journal={Revista ESPACIOS| Vol. 37 (N{\textordmasculine} 09) A{\~n}o 2016},
    year={2016}
}

@article{pillon2022checklist,
  author = {PILLON, Carolina B. and SILVA, Régio P. da},
  title = {Proposição de um checklist para auxiliar no desenvolvimento e avaliação de jogos digitais em realidade virtual para a reabilitação virtual de idosos},
  journal = {Revista Design \& Tecnologia},
  volume = {12},
  number = {24},
  year = {2022},
  pages = {84--98},
  doi = {10.23972/det2022iss24pp84-98}
}

@inproceedings{tong2014cognitive,
    author = {TONG, Tiffany and CHIGNELL, Mark and LAM, Phil and TIERNEY, Mary C. and LEE, Jacques},
    title = {Designing Serious Games for Cognitive Assessment of the Elderly},
    booktitle = {Proceedings of the International Symposium of Human Factors and Ergonomics in Health Care},
    year = {2014},
    volume = {3},
    number = {1},
    pages = {28--35},
    doi = {10.1177/2327857914031004},
    publisher = {SAGE Publications}
}

@article{laamarti2014overview,
author = {Laamarti, Fedwa and Eid, Mohamad and El Saddik, Abdulmotaleb},
title = {An Overview of Serious Games},
journal = {International Journal of Computer Games Technology},
volume = {2014},
number = {1},
pages = {358152},
doi = {https://doi.org/10.1155/2014/358152},
url = {https://onlinelibrary.wiley.com/doi/abs/10.1155/2014/358152},
year = {2014}
}

@article{ning2020review,
  title={A review on serious games for dementia care in ageing societies},
  author={Ning, Huansheng and Li, Rongyang and Ye, Xiaozhen and Zhang, Yudong and Liu, Lu},
  journal={IEEE Journal of Translational Engineering in Health and Medicine},
  volume={8},
  pages={1--11},
  year={2020},
  publisher={IEEE}
}

@inproceedings{lee2019study,
  title={A study on design factors of serious game considering senior layer},
  author={Lee, Chul Woo and Oh, Seok Hee},
  booktitle={2019 International Conference on Information and Communication Technology Convergence (ICTC)},
  pages={384--387},
  year={2019},
  organization={IEEE}
}

@article{cedillo2025systematic,
  title={A systematic literature review on human-computer interaction to support older adults’ physical and cognitive health},
  author={Cedillo, Priscila and C{\'a}rdenas-Delgado, Pa{\'u}l and Z{\'u}{\~n}iga, Andrea Paulina Rodr{\'\i}guez and Encalada-Torres, Lorena and Ramos-Galarza, Carlos and Jadan-Guerrero, Janio},
  journal={IEEE Access},
  year={2025},
  publisher={IEEE}
}

@inproceedings{postal2019user,
  title={User interface evaluation methods for elderly: a systematic review},
  author={Postal, Manoela Rogofski Brum and Rieder, Rafael},
  booktitle={2019 21st Symposium on Virtual and Augmented Reality (SVR)},
  pages={84--91},
  year={2019},
  organization={IEEE}
}

@article{bassano2022visualization,
  title={Visualization and interaction technologies in serious and exergames for cognitive assessment and training: A survey on available solutions and their validation},
  author={Bassano, Chiara and Chessa, Manuela and Solari, Fabio},
  journal={IEEE Access},
  volume={10},
  pages={104295--104312},
  year={2022},
  publisher={IEEE}
}
